<?xml version="1.0" encoding="UTF-8"?><collection xmlns="http://www.loc.gov/MARC21/slim"><record><leader>00527nam--2200193-i-4500</leader><controlfield tag="001">000031421</controlfield><controlfield tag="002">20161230</controlfield><controlfield tag="005">20170118003154</controlfield><controlfield tag="008">060222s1000------------r-----000-0-rus-d</controlfield><datafield ind1=" " ind2=" " tag="040"><subfield code="a">IFIN-HH</subfield></datafield><datafield ind1=" " ind2=" " tag="041"><subfield code="a">rus</subfield></datafield><datafield ind1=" " ind2=" " tag="080"><subfield code="a">530.1:537.312.62</subfield></datafield><datafield ind1="1" ind2=" " tag="100"><subfield code="a">Bogoliubov, N. N</subfield></datafield><datafield ind1="1" ind2="0" tag="245"><subfield code="a">Novii metod v teorii sverhprovodimosti</subfield><subfield code="c">N.N. Bogoliubov, V.V. Tolmacev, D.V. Stirkov</subfield></datafield><datafield ind1=" " ind2=" " tag="260"><subfield code="a">Moskva</subfield><subfield code="b">Akademii nauk SSSR</subfield><subfield code="c">1958</subfield></datafield><datafield ind1=" " ind2=" " tag="300"><subfield code="a">126 p</subfield></datafield><datafield ind1="1" ind2=" " tag="700"><subfield code="a">Stirkov, D. V</subfield></datafield><datafield ind1=" " ind2=" " tag="852"><subfield code="a">5213</subfield><subfield code="c">530.1</subfield></datafield><datafield ind1=" " ind2=" " tag="CAT"><subfield code="a">SYS</subfield><subfield code="c">20170118</subfield><subfield code="h">003154</subfield></datafield></record></collection>